<?xml version="1.0" encoding="UTF-8"?><collection xmlns="http://www.loc.gov/MARC21/slim"><record><leader>00496nam--2200181-i-4500</leader><controlfield tag="001">000003255</controlfield><controlfield tag="002">20161230</controlfield><controlfield tag="005">20161230201025</controlfield><controlfield tag="008">060222s1000------------r-----000-0-fre-d</controlfield><datafield ind1=" " ind2=" " tag="041"><subfield code="a">fre</subfield></datafield><datafield ind1=" " ind2=" " tag="080"><subfield code="a">53(076)</subfield></datafield><datafield ind1="1" ind2=" " tag="100"><subfield code="a">Bruhat, G</subfield></datafield><datafield ind1="1" ind2="0" tag="245"><subfield code="a">Recueil de proplemes. quatrieme edition refondu e et augumentee par j.roig</subfield><subfield code="c">G. bruhat</subfield></datafield><datafield ind1=" " ind2=" " tag="260"><subfield code="a">Paris</subfield><subfield code="b">Masson &amp; C-ie</subfield><subfield code="c">1956</subfield></datafield><datafield ind1=" " ind2=" " tag="300"><subfield code="a">XII+521 P</subfield></datafield><datafield ind1=" " ind2=" " tag="490"><subfield code="a">Cours De Physique Generale</subfield></datafield><datafield ind1=" " ind2=" " tag="852"><subfield code="a">4561</subfield><subfield code="c">53</subfield></datafield><datafield ind1=" " ind2=" " tag="CAT"><subfield code="a">Sys</subfield><subfield code="c">20150112</subfield><subfield code="h">183210</subfield></datafield></record></collection>